@STRING{aaai    = {Proc.\ of the Conference on Advancements of Artificial Intelligence (AAAI)} }
@STRING{aaaiold = {Proc.\ of the National Conference on Artificial Intelligence (AAAI)} }
@STRING{ac      = {IEEE Trans. on Automatic Control} }
@STRING{acc     = {Proc.\ of the IEEE American Control Conference (ACC)} }
@STRING{accv    = {Proc.\ of the Asian Conf.\ on Computer Vision (ACCV)} }
@STRING{acra    = {Proc.\ of the Australasian Conf.\ on Robotics and Automation (ACRA)} }
@STRING{acmgraphics = {ACM Transactions on Graphics} }
@STRING{addison = {Addison-Wesley Publishing Inc.} }
@STRING{advancedrobotics={Advanced Robotics} }
@STRING{ai      = {Artificial Intelligence} }
@STRING{ams     = {Proc.\ of Autonome Mobile Systeme} }
@STRING{ar      = {Autonomous Robots} }
@STRING{arxiv   = {arXiv preprint} }
@STRING{bmvc    = {Proc.\ of British Machine Vision Conference (BMVC)} }
@STRING{cacm    = {Communications of the ACM} }
@STRING{ccvw    = {Proc.\ of the Croation Computer Vision Workshop (CCVW)} }
@STRING{cira    = {Proc.\ of the IEEE Intl.\ Symp. on Computer Intelligence in Robotics and Automation (CIRA)} }
@STRING{cogsys  = {Proc.\ of the Intl.\ Conf.\ on Cognitive Systems (CogSys)} }
@STRING{cviu    = {Journal of Computer Vision and Image Understanding (CVIU)} }
@STRING{cvpr    = {Proc.\ of the IEEE Conf.\ on Computer Vision and Pattern Recognition (CVPR)} }
@STRING{cvvt    = {Proc.\ of the Intl.\ Workshop on Computer Vision in Vehicle Technology (CVVT)} }
@STRING{dagm    = {Proc.\ of the Symposion of the German Association for Pattern Recognition (DAGM)} }
@STRING{dagstuhl= {Proc.\ of the Dagstuhl Seminar} }
@STRING{dgpf    = {Proc.\ of the Conf.\ of the German Society for Photogrammetry, Remote Sensing and Geoinformation (DGPF)} }
@STRING{eccv    = {Proc.\ of the Europ.\ Conf.\ on Computer Vision (ECCV)} }
@STRING{ecmr    = {Proc.\ of the Europ.\ Conf.\ on Mobile Robotics (ECMR)} }
@STRING{emav    = {Proc.\ of the European Micro Aerial Vehicle Conference} }
@STRING{euros   = {Proc.\ of the Europ.\ Robotics Symp. (EUROS)} }
@STRING{fntr    = {Foundations and Trends in Robotics} }
@STRING{gcpr    = {Proc.\ of the German Conf.\ on Pattern Recognition (GCPR)} }
@STRING{humanoids={Proc.\ of the IEEE Intl.\ Conf.\ on Humanoid Robots} }
@STRING{icann   = {Proc.\ of the Intl.\ Conf.\ on Artificial Neural Networks (ICANN)}}
@STRING{icar    = {Proc.\ of the Intl.\ Conf.\ on Advanced Robotics (ICAR)} }
@STRING{iccas   = {Proc.\ of the Int.\ Conf.\ on Control, Automation and Systems (ICCAS)}}
@STRING{iccv    = {Proc.\ of the IEEE Intl.\ Conf.\ on Computer Vision (ICCV)} }
@STRING{iciap   = {Proc.\ of the Intl.\ Conf.\ on Image Analysis and Processing (ICIAP)} }
@STRING{icias   = {Proc.\ of the Int.\ Conf.\ on Intelligent Autonomous Systems (ICIAS)}}
@STRING{icip    = {Proc.\ of the IEEE Intl.\ Conf.\ on Image Processing (ICIP)} }
@STRING{icra    = {Proc.\ of the IEEE Intl.\ Conf.\ on Robotics \& Automation (ICRA)} }
@STRING{icuas   = {Proc.\ of the Intl.\ Conf.\ on Unmanned Aircraft Systems (ICUAS)} }
@STRING{ieeepress={IEEE Computer Society Press} }
@STRING{ijcai   = {Proc.\ of the Intl.\ Conf.\ on Artificial Intelligence (IJCAI)} }
@STRING{ijcv    = {Intl.\ Journal of Computer Vision (IJCV)} }
@STRING{ijgi    = {Intl.\ Journal of Geo-Information} }
@STRING{ijhr    = {The Int. Journal of Humanoid Robotics (IJHR)} }
@STRING{ijrr    = {Intl.\ Journal of Robotics Research (IJRR)} }
@STRING{imvip   = {Proc.\ of the Irish Machine Vision and Image Processing Conference (IMVIP)} }
@STRING{iros    = {Proc.\ of the IEEE/RSJ Intl.\ Conf.\ on Intelligent Robots and Systems (IROS)} }
@STRING{iser    = {Proc.\ of the Intl.\ Symp.\ on Experimental Robotics (ISER)} }
@STRING{ismar   = {Proc.\ of the Intl.\ Symp.\ on Mixed and Augmented Reality (ISMAR)} }
@STRING{isprsannals={ISPRS Annals of the Photogrammetry, Remote Sensing and Spatial Information Sciences} }
@STRING{isprsarchives={ISPRS Archives of the Photogrammetry, Remote Sensing and Spatial Information Sciences} }
@STRING{isrr    = {Proc.\ of the Intl.\ Symp.\ on Robotic Research (ISRR)} }
@STRING{iv      = {Proc.\ of the IEEE Intelligent Vehicles Symposium (IV)} }
@STRING{ivc     = {Journal on Image and Vision Computing (IVC)} }
@STRING{jair    = {Journal of Artificial Intelligence Research (JAIR)} }
@STRING{jbe     = {ASME Journal of Basic Engineering} }
@STRING{jfr     = {Journal of Field Robotics (JFR)} }
@STRING{jirs    = {Journal of Intelligent and Robotic Systems (JIRS)} }
@STRING{jmiv    = {Journal of Mathematical Imaging and Vision} }
@STRING{joe     = {IEEE Journal of Oceanic Engineering} }
@STRING{jprs    = {ISPRS Journal of Photogrammetry and Remote Sensing (JPRS)} }
@STRING{jra     = {IEEE Journal of Robotics and Automation} }
@STRING{jras    = {Journal on Robotics and Autonomous Systems (RAS)} }
@STRING{mcg     = {Proc.\ of the Intl.\ Conf.\ on Machine Control and Guidance (MCG)} }
@STRING{mfi     = {Proc.\ of the {IEEE} Int.\ Conf.\ on Multisensor Fusion and Integration for Intelligent Systems (MFI)}}
@STRING{mirage  = {Proc.\ of the Intl.\ Conf.\ on Computer Vision/Computer Graphics Collaboration Techniques and Applications (MIRAGE)} }
@STRING{mitpress= {MIT Press} }
@STRING{ml      = {Machine Learning} }
@STRING{mobicom = {Proc.\ of the {ACM} Intl.\ Conf.\ on Mobile Computing and Networking (MobiCom)} }
@STRING{mva     = {Proc.\ of the IAPR Conf.\ on Machine Vision Applications (MVA)} }
@STRING{nips    = {Proc.\ of the Conf.\ on Neural Information Processing Systems (NIPS)} }
@STRING{nipsjournal={Advances in Neural Information Processing Systems} }
@STRING{oceans  = {Proc.\ of OCEANS MTS/IEEE Conference and Exhibition} }
@STRING{pami    = {IEEE Trans.\ on Pattern Analalysis and Machine Intelligence (TPAMI)} }
@STRING{pcv     = {Proc.\ of the ISPRS Conference on Photogrammeric Computer Vision (PCV)} }
@STRING{pers    = {Photogrammetric Engineering and Remote Sensing (PE\&RS)} }
@STRING{pfg     = {Photogrammetrie -- Fernerkundung -- Geoinformation (PFG)} }
@STRING{phowo   = {Proc.\ of the Photogrammetric Week (PhoWo)} }
@STRING{pia     = {Proc.\ of the ISPRS Conference on Photogrammeric Image Analysis (PIA)} }
@STRING{pr      = {Pattern Recognition} }
@STRING{prl     = {Pattern Recognition Letters} }
@STRING{ral     = {IEEE Robotics and Automation Letters (RA-L)} }
@STRING{ram     = {IEEE Robotics and Automation Magazine (RAM)} }
@STRING{ras     = {Journal on Robotics and Autonomous Systems (RAS)} }
@STRING{rasmag  = {IEEE Robotics and Automation Magazine} }
@STRING{rs      = {Remote Sensing} }
@STRING{rss     = {Proc.\ of Robotics: Science and Systems (RSS)} }
@STRING{rssbook = {Robotics: Science and Systems} }
@STRING{sensors = {IEEE Sensors Journal} }
@STRING{sice    = {Proc.\ of the Annual Conference of the Society of Instrument and Control Engineers (SICE)} }
@STRING{smc     = {Proc.\ of the IEEE Intl.\ Conf.\ on Systems, Man, and Cybernetics (SMC)} }
@STRING{snowbird= {Proc.\ of the Learning Workshop (Snowbird)} }
@STRING{soave   = {Proc.\ of the Workshop on Self-Organization of AdaptiVE behavior (SOAVE)} }
@STRING{spiesdvrs={Proc.\ of SPIE Stereoscopic Displays and Virtual Reality Systems} }
@STRING{spiev   = {Proc.\ of SPIE Videometrics} }
@STRING{springer= {Springer Verlag} }
@STRING{springerstaradvanced={STAR Springer Tracts in Advanced Robotics} }
@STRING{tarj    = {The Australian Rangeland Journal} }
@STRING{taros   = {Proc.\ of the Conf.\ Towards Autonomous Robotic Systems (TAROS)}}
@STRING{tits    = {IEEE Trans.\ on Intelligent Transportation Systems (ITS)} }
@STRING{titsmag = {IEEE Trans.\ on Intelligent Transportation Systems Magazine} }
@STRING{tpami   = {IEEE Trans.\ on Pattern Analalysis and Machine Intelligence (TPAMI)} }
@STRING{tra     = {IEEE Trans.\ on Robotics and Automation} }
@STRING{tro     = {IEEE Trans.\ on Robotics (TRO)} }
@STRING{uai     = {Proc.\ of the Conf.\ on Uncertainty in Artificial Intelligence (UAI)} }
@STRING{uavg    = {Proc.\ of the Intl.\ Conf.\ on Unmanned Aerial Vehicles in Geomatics} }
@STRING{uust    = {Proc.\ of the Intl.\ Symp.\ on Unmanned Untethered Submersible Technology} }
@STRING{vc      = {The Visual Computer (VC)} }
@STRING{wafr    = {Intl.\ Workshop on the Algorithmic Foundations of Robotics (WAFR)} }


@techreport{settles2009active,
  title={Active learning literature survey},
  author={Settles, Burr},
  year={2009},
  institution={University of Wisconsin-Madison Department of Computer Sciences}
}

@inproceedings{guyon2011results,
  title={Results of the active learning challenge},
  author={Guyon, Isabelle and Cawley, Gavin and Dror, Gideon and Lemaire, Vincent},
  booktitle={Active Learning and Experimental Design workshop In conjunction with AISTATS 2010},
  pages={19--45},
  year={2011}
}

@inproceedings{holub2008entropy,
  title={Entropy-based active learning for object recognition},
  author={Holub, Alex and Perona, Pietro and Burl, Michael C},
  booktitle={2008 IEEE Computer Society Conference on Computer Vision and Pattern Recognition Workshops},
  pages={1--8},
  year={2008},
  organization={IEEE}
}

@inproceedings{zhou2017fine,
  title={Fine-tuning convolutional neural networks for biomedical image analysis: actively and incrementally},
  author={Zhou, Zongwei and Shin, Jae and Zhang, Lei and Gurudu, Suryakanth and Gotway, Michael and Liang, Jianming},
  booktitle={Proceedings of the IEEE conference on computer vision and pattern recognition},
  pages={7340--7351},
  year={2017}
}

@inproceedings{yang2017suggestive,
  title={Suggestive annotation: A deep active learning framework for biomedical image segmentation},
  author={Yang, Lin and Zhang, Yizhe and Chen, Jianxu and Zhang, Siyuan and Chen, Danny Z},
  booktitle={International conference on medical image computing and computer-assisted intervention},
  pages={399--407},
  year={2017},
  organization={Springer}
}

@inproceedings{dutt2016active,
  title={Active image segmentation propagation},
  author={Dutt Jain, Suyog and Grauman, Kristen},
  booktitle={Proceedings of the IEEE Conference on Computer Vision and Pattern Recognition},
  pages={2864--2873},
  year={2016}
}


@inproceedings{gal2017deep,
  title={Deep bayesian active learning with image data},
  author={Gal, Yarin and Islam, Riashat and Ghahramani, Zoubin},
  booktitle={Proceedings of the 34th International Conference on Machine Learning-Volume 70},
  pages={1183--1192},
  year={2017},
  organization={JMLR. org}
}


@article{milioto2018bonnet,
  title={Bonnet: An Open-Source Training and Deployment Framework for Semantic Segmentation in Robotics using CNNs},
  author={Milioto, Andres and Stachniss, Cyrill},
  journal={arXiv preprint arXiv:1802.08960},
  year={2018}
}


@inproceedings{milioto2018real,
  title={Real-time semantic segmentation of crop and weed for precision agriculture robots leveraging background knowledge in cnns},
  author={Milioto, Andres and Lottes, Philipp and Stachniss, Cyrill},
  booktitle={2018 IEEE International Conference on Robotics and Automation (ICRA)},
  pages={2229--2235},
  year={2018},
  organization={IEEE}
}

@inproceedings{beluch2018power,
  title={The power of ensembles for active learning in image classification},
  author={Beluch, William H and Genewein, Tim and N{\"u}rnberger, Andreas and K{\"o}hler, Jan M},
  booktitle={Proceedings of the IEEE Conference on Computer Vision and Pattern Recognition},
  pages={9368--9377},
  year={2018}
}

@article{sener2017geometric,
  title={A geometric approach to active learning for convolutional neural networks},
  author={Sener, Ozan and Savarese, Silvio},
  journal={arXiv preprint arXiv},
  volume={1708},
  pages={1},
  year={2017}
}

@article{wang2017cost,
  title={Cost-effective active learning for deep image classification},
  author={Wang, Keze and Zhang, Dongyu and Li, Ya and Zhang, Ruimao and Lin, Liang},
  journal={IEEE Transactions on Circuits and Systems for Video Technology},
  volume={27},
  number={12},
  pages={2591--2600},
  year={2017},
  publisher={IEEE}
}


@article{kading2016active,
  title={Active and continuous exploration with deep neural networks and expected model output changes},
  author={K{\"a}ding, Christoph and Rodner, Erik and Freytag, Alexander and Denzler, Joachim},
  journal={arXiv preprint arXiv:1612.06129},
  year={2016}
}


@inproceedings{freytag2014selecting,
  title={Selecting influential examples: Active learning with expected model output changes},
  author={Freytag, Alexander and Rodner, Erik and Denzler, Joachim},
  booktitle={European Conference on Computer Vision},
  pages={562--577},
  year={2014},
  organization={Springer}
}

@article{chebrolu2017agricultural,
  title={Agricultural robot dataset for plant classification, localization and mapping on sugar beet fields},
  author={Chebrolu, Nived and Lottes, Philipp and Schaefer, Alexander and Winterhalter, Wera and Burgard, Wolfram and Stachniss, Cyrill},
  journal={The International Journal of Robotics Research},
  volume={36},
  number={10},
  pages={1045--1052},
  year={2017},
  publisher={SAGE Publications Sage UK: London, England}
}


@article{badrinarayanan2017segnet,
  title={Segnet: A deep convolutional encoder-decoder architecture for image segmentation},
  author={Badrinarayanan, Vijay and Kendall, Alex and Cipolla, Roberto},
  journal={IEEE transactions on pattern analysis and machine intelligence},
  volume={39},
  number={12},
  pages={2481--2495},
  year={2017},
  publisher={IEEE}
}

@article{paszke2016enet,
  title={Enet: A deep neural network architecture for real-time semantic segmentation},
  author={Paszke, Adam and Chaurasia, Abhishek and Kim, Sangpil and Culurciello, Eugenio},
  journal={arXiv preprint arXiv:1606.02147},
  year={2016}
}




